


@misc{matrixmarketmmio,
  author       = {Boisvert, Ronald and Pozo, Ray and Remington, Karin},
  title        = {Matrix Market Exchange Formats: mmio.c I/O library},
  howpublished = {\url{https://math.nist.gov/MatrixMarket/mmio-c.html}},
  note         = {National Institute of Standards and Technology},
  year         = {1996}
}


@techreport{bell2008efficient,
  author = {Nathan Bell and Michael Garland},
  title = {Efficient Sparse Matrix-Vector Multiplication on CUDA},
  institution = {NVIDIA Technical Report NVR-2008-004},
  year = {2008}
}

@article{anzt2017designing,
  author = {Hartwig Anzt and Jack Dongarra and others},
  title = {Designing Efficient Sparse Matrix Kernels on GPUs},
  journal = {ACM Transactions on Mathematical Software (TOMS)},
  year = {2017}
}

@article{madduri2019spmv,
  author = {Kamesh Madduri and others},
  title = {An Optimized Sparse Matrix-Vector Multiplication Algorithm for Large-Scale Graph Mining on GPUs},
  journal = {Proceedings of IEEE IPDPS},
  year = {2019}
}

@inproceedings{chen2009esb,
  author = {Yunquan Chen and others},
  title = {ESB: An Efficient Sparse Block Format for Sparse Matrix-Vector Multiplication on GPUs},
  booktitle = {Proceedings of the ACM Conference on Supercomputing},
  year = {2009}
}

@inproceedings{kourtis2008csrp,
  author = {Konstantinos Kourtis and Georgios Goumas and Nectarios Koziris},
  title = {Optimizing Sparse Matrix-Vector Multiplication Using Index and Value Compression},
  booktitle = {Proceedings of the 5th Conference on Computing Frontiers},
  year = {2008}
}

@article{liu2015csr5,
  author = {Wei Liu and Brian Vinter},
  title = {CSR5: An Efficient Storage Format for Cross-Platform Sparse Matrix-Vector Multiplication},
  journal = {Proceedings of the ACM/IEEE Supercomputing Conference (SC)},
  year = {2015}
}
