@article{chen2017esb,
  title={ESB: A Blocked Format for Evolving-Streaming-Based Sparse Matrix-Vector Multiplication on GPUs},
  author={Chen, Guangming and Wang, Bo and Zhan, Jinzhao and Zhang, Lei},
  journal={IEEE Transactions on Parallel and Distributed Systems},
  volume={28},
  number={7},
  pages={1907--1920},
  year={2017},
  publisher={IEEE}
}

@article{kourtis2016optimizing,
  title={Optimizing Sparse Matrix-Vector Multiplication Using Index and Value Compression},
  author={Kourtis, Konstantinos and Goumas, Georgios and Koziris, Nectarios},
  journal={ACM Transactions on Mathematical Software (TOMS)},
  volume={43},
  number={4},
  pages={1--50},
  year={2017},
  publisher={ACM}
}

@inproceedings{liu2015csr5,
  title={CSR5: An Efficient Storage Format for Cross-Platform Sparse Matrix-Vector Multiplication},
  author={Liu, Weifeng and Vinter, Brian},
  booktitle={2015 IEEE International Parallel and Distributed Processing Symposium},
  pages={845--854},
  year={2015},
  organization={IEEE}
}


@misc{matrixmarketmmio,
  author       = {Boisvert, Ronald and Pozo, Ray and Remington, Karin},
  title        = {Matrix Market Exchange Formats: mmio.c I/O library},
  howpublished = {\url{https://math.nist.gov/MatrixMarket/mmio-c.html}},
  note         = {National Institute of Standards and Technology},
  year         = {1996}
}
